<record><leader>00000cas a22000007a 4500</leader><controlfield tag="001">12827629</controlfield><controlfield tag="008">851121d190u1914wiuwr ne      0    0eng d</controlfield><datafield ind1=" " ind2=" " tag="010"><subfield code="a">sn 85041449 </subfield></datafield><datafield ind1=" " ind2=" " tag="040"><subfield code="a">NPV</subfield><subfield code="b">eng</subfield><subfield code="c">NPV</subfield><subfield code="d">OCLCQ</subfield></datafield><datafield ind1=" " ind2=" " tag="042"><subfield code="a">msc</subfield></datafield><datafield ind1=" " ind2=" " tag="045"><subfield code="a">x0x1</subfield></datafield><datafield ind1=" " ind2=" " tag="052"><subfield code="a">4123</subfield><subfield code="b">G6</subfield></datafield><datafield ind1="0" ind2=" " tag="130"><subfield code="a">Cuba City news-herald (Cuba City, Wis. : 1900)</subfield></datafield><datafield ind1="1" ind2="4" tag="245"><subfield code="a">The Cuba City news-herald.</subfield></datafield><datafield ind1="1" ind2="3" tag="246"><subfield code="a">Hazel Green tribune</subfield></datafield><datafield ind1="1" ind2="3" tag="246"><subfield code="a">News herald</subfield></datafield><datafield ind1=" " ind2=" " tag="260"><subfield code="a">Cuba City, Wis. :</subfield><subfield code="b">W.H. Goldthorpe,</subfield><subfield code="c">-1914.</subfield></datafield><datafield ind1=" " ind2=" " tag="300"><subfield code="a">v. :</subfield><subfield code="b">ill. (chiefly advertisements)</subfield></datafield><datafield ind1=" " ind2=" " tag="310"><subfield code="a">Weekly</subfield></datafield><datafield ind1="0" ind2=" " tag="362"><subfield code="a">-v. 20, no. 24 (Mar. 6, 1914).</subfield></datafield><datafield ind1=" " ind2=" " tag="500"><subfield code="a">Added title page: Hazel Green Tribune, &lt;Vol. 1, no. 43 (Jan. 2, 1914&gt;-</subfield></datafield><datafield ind1=" " ind2=" " tag="530"><subfield code="a">Available on microfilm from The State Historical Society of Wisconsin.</subfield></datafield><datafield ind1=" " ind2=" " tag="588"><subfield code="a">Description based on: Vol. 20, no. 16 (Jan. 9, 1914).</subfield></datafield><datafield ind1=" " ind2=" " tag="752"><subfield code="a">United States</subfield><subfield code="b">Wisconsin</subfield><subfield code="c">Grant</subfield><subfield code="d">Cuba City.</subfield></datafield><datafield ind1=" " ind2=" " tag="752"><subfield code="a">United States</subfield><subfield code="b">Wisconsin</subfield><subfield code="c">Grant</subfield><subfield code="d">Hazel Green.</subfield></datafield><datafield ind1="0" ind2="0" tag="785"><subfield code="t">Cuba City news-herald and the Hazel Green tribune</subfield><subfield code="w">(DLC)sn 85041450</subfield></datafield><datafield ind1="1" ind2=" " tag="029"><subfield code="a">AU@</subfield><subfield code="b">000023481873</subfield></datafield></record>